<record><leader>00000cas a22000007a 4500</leader><controlfield tag="001">9723818</controlfield><controlfield tag="008">830721d18561866nyuwr ne      0    0eng d</controlfield><datafield ind1=" " ind2=" " tag="010"><subfield code="a">sn 83030972 </subfield></datafield><datafield ind1=" " ind2=" " tag="040"><subfield code="a">NPU</subfield><subfield code="b">eng</subfield><subfield code="c">NPU</subfield><subfield code="d">NPX</subfield><subfield code="d">NPH</subfield><subfield code="d">NYS</subfield><subfield code="d">OCL</subfield><subfield code="d">KRTAS</subfield><subfield code="d">OCLCQ</subfield><subfield code="d">OCLCF</subfield><subfield code="d">OCLCO</subfield></datafield><datafield ind1="1" ind2=" " tag="029"><subfield code="a">AU@</subfield><subfield code="b">000020226918</subfield></datafield><datafield ind1=" " ind2=" " tag="042"><subfield code="a">msc</subfield></datafield><datafield ind1=" " ind2=" " tag="043"><subfield code="a">n-us-ny</subfield></datafield><datafield ind1="0" ind2="0" tag="245"><subfield code="a">Cattaraugus freeman.</subfield></datafield><datafield ind1=" " ind2=" " tag="260"><subfield code="a">Ellicottville, N.Y. :</subfield><subfield code="b">Delos E. Sill</subfield></datafield><datafield ind1=" " ind2=" " tag="300"><subfield code="a">v. ;</subfield><subfield code="c">59 cm.</subfield></datafield><datafield ind1=" " ind2=" " tag="310"><subfield code="a">Weekly</subfield></datafield><datafield ind1="1" ind2=" " tag="362"><subfield code="a">Began in 1856.</subfield></datafield><datafield ind1="1" ind2=" " tag="362"><subfield code="a">Ceased in 1866.</subfield><subfield code="z">Cf. Bibl. of newspapers in 2 N.Y. State counties.</subfield></datafield><datafield ind1=" " ind2=" " tag="500"><subfield code="a">Publishers: Delos E. Sill, &lt;1856-1862&gt;; Delos E. Sill &amp; Co., &lt;1863&gt;; Charles D. Sill, &lt;1865&gt;.</subfield></datafield><datafield ind1=" " ind2=" " tag="500"><subfield code="a">Editor: Charles D. Sill, &lt;1865&gt;.</subfield></datafield><datafield ind1=" " ind2=" " tag="500"><subfield code="a">"Republican," &lt;1856-1857&gt;; "Union," &lt;1862&gt;.</subfield></datafield><datafield ind1=" " ind2=" " tag="588"><subfield code="a">Description based on: Vol. 16, no. 37 (Apr. 24, 1856).</subfield></datafield><datafield ind1=" " ind2="0" tag="651"><subfield code="a">Ellicottville (N.Y.)</subfield><subfield code="v">Newspapers.</subfield></datafield><datafield ind1=" " ind2="0" tag="651"><subfield code="a">Cattaraugus County (N.Y.)</subfield><subfield code="v">Newspapers.</subfield></datafield><datafield ind1=" " ind2="7" tag="655"><subfield code="a">Newspapers.</subfield><subfield code="2">fast</subfield><subfield code="0">(OCoLC)fst01423814</subfield></datafield><datafield ind1=" " ind2="7" tag="651"><subfield code="a">New York (State)</subfield><subfield code="z">Cattaraugus County.</subfield><subfield code="2">fast</subfield><subfield code="0">(OCoLC)fst01207027</subfield></datafield><datafield ind1=" " ind2="7" tag="651"><subfield code="a">New York (State)</subfield><subfield code="z">Ellicottville.</subfield><subfield code="2">fast</subfield><subfield code="0">(OCoLC)fst01268180</subfield></datafield><datafield ind1=" " ind2=" " tag="752"><subfield code="a">United States</subfield><subfield code="b">New York</subfield><subfield code="c">Cattaraugus</subfield><subfield code="d">Ellicottville.</subfield></datafield><datafield ind1="0" ind2="0" tag="780"><subfield code="t">Cattaraugus Whig</subfield><subfield code="w">(DLC)sn 85026434</subfield></datafield><datafield ind1="0" ind2="4" tag="785"><subfield code="t">Olean weekly advertiser</subfield><subfield code="w">(DLC)sn 85026624</subfield></datafield><datafield ind1=" " ind2=" " tag="938"><subfield code="a">Kirtas Technologies, Inc.</subfield><subfield code="b">KRTS</subfield><subfield code="n">737126</subfield></datafield></record>